@article{vakil2017rising,
  title={The rising sea: Foundations of algebraic geometry},
  author={Vakil, Ravi},
  journal={preprint},
  year={2017}
}

@Book{BL04,
 Author = {Birkenhake, Christina and Lange, Herbert},
 Title = {Complex abelian varieties},
 Edition = {2nd augmented ed.},
 FSeries = {Grundlehren der Mathematischen Wissenschaften},
 Series = {Grundlehren Math. Wiss.},
 ISSN = {0072-7830},
 Volume = {302},
 ISBN = {3-540-20488-1},
 Year = {2004},
 Publisher = {Berlin: Springer},
 Language = {English},
 Keywords = {14K20,14-02,14K25,14K30,14K10,14H40,14C15,14C30},
 zbMATH = {2120946},
 Zbl = {1056.14063}
}

@Book{curve85,
 Author = {Arbarello, E. and Cornalba, M. and Griffiths, P. A. and Harris, J.},
 Title = {Geometry of algebraic curves. {Volume} {I}},
 FSeries = {Grundlehren der Mathematischen Wissenschaften},
 Series = {Grundlehren Math. Wiss.},
 ISSN = {0072-7830},
 Volume = {267},
 Year = {1985},
 Publisher = {Springer, Cham},
 Language = {English},
 Keywords = {14Hxx,14-02,14C20,14K25,14C22,14H45},
 zbMATH = {3891516},
 Zbl = {0559.14017}
}

@Book{Fu97,
 Author = {Fulton, William},
 Title = {Young tableaux. {With} applications to representation theory and geometry},
 FSeries = {London Mathematical Society Student Texts},
 Series = {Lond. Math. Soc. Stud. Texts},
 ISSN = {0963-1631},
 Volume = {35},
 ISBN = {0-521-56724-6},
 Year = {1997},
 Publisher = {Cambridge: Cambridge University Press},
 Language = {English},
 Keywords = {14M15,05E10,14-02,20-02,05-02,20C30,20C33,22E45},
 zbMATH = {1001729},
 Zbl = {0878.14034}
}

@Misc{We07,
 Author = {Weissauer, Rainer},
 Title = {Brill-{Noether} {Sheaves}},
 Year = {2006},
 HowPublished = {Preprint, {arXiv}:math/0610923 [math.{AG}] (2006)},
 URL = {https://arxiv.org/abs/math/0610923},
 arXiv = {arXiv:math/0610923}
}

@Article{Kr15,
 Author = {Kr{\"a}mer, Thomas},
 Title = {On a family of surfaces of general type attached to abelian four-folds and the {Weyl} group {{\(W(E_{6})\)}}},
 FJournal = {IMRN. International Mathematics Research Notices},
 Journal = {Int. Math. Res. Not.},
 ISSN = {1073-7928},
 Volume = {2015},
 Number = {24},
 Pages = {13062--13105},
 Year = {2015},
 Language = {English},
 DOI = {10.1093/imrn/rnv088},
 Keywords = {14J29,14D07},
 zbMATH = {6538025},
 Zbl = {1346.14103}
}

@Article{KW15ppav,
 Author = {Kr{\"a}mer, T. and Weissauer, R.},
 Title = {On the {Tannaka} group attached to the theta divisor of a generic principally polarized abelian variety},
 FJournal = {Mathematische Zeitschrift},
 Journal = {Math. Z.},
 ISSN = {0025-5874},
 Volume = {281},
 Number = {3-4},
 Pages = {723--745},
 Year = {2015},
 Language = {English},
 DOI = {10.1007/s00209-015-1505-9},
 Keywords = {14H42,14K10,32S60},
 zbMATH = {6516824},
 Zbl = {1334.14019}
}

@Article{KW15vanishing,
 Author = {Kr{\"a}mer, Thomas and Weissauer, Rainer},
 Title = {Vanishing theorems for constructible sheaves on abelian varieties},
 FJournal = {Journal of Algebraic Geometry},
 Journal = {J. Algebr. Geom.},
 ISSN = {1056-3911},
 Volume = {24},
 Number = {3},
 Pages = {531--568},
 Year = {2015},
 Language = {English},
 DOI = {10.1090/jag/645},
 Keywords = {14F17,32S60,14K99},
 zbMATH = {6464718},
 Zbl = {1338.14023}
}

@Article{KW15small,
 Author = {Kr{\"a}mer, Thomas and Weissauer, Rainer},
 Title = {Semisimple super {Tannakian} categories with a small tensor generator},
 FJournal = {Pacific Journal of Mathematics},
 Journal = {Pac. J. Math.},
 ISSN = {1945-5844},
 Volume = {276},
 Number = {1},
 Pages = {229--248},
 Year = {2015},
 Language = {English},
 DOI = {10.2140/pjm.2015.276.229},
 Keywords = {18D10,20G05,20C15},
 zbMATH = {6455709},
 Zbl = {1320.18007}
}

@Article{Kr16Hilbert,
 Author = {Kr{\"a}mer, Thomas},
 Title = {Characteristic classes and {Hilbert}-{Poincar{\'e}} series for perverse sheaves on abelian varieties},
 FJournal = {Selecta Mathematica. New Series},
 Journal = {Sel. Math., New Ser.},
 ISSN = {1022-1824},
 Volume = {22},
 Number = {3},
 Pages = {1337--1356},
 Year = {2016},
 Language = {English},
 DOI = {10.1007/s00029-015-0222-x},
 Keywords = {14F05,14C17,14K05,18D10,32S60},
 zbMATH = {6618478},
 Zbl = {1375.14062}
}

@Article{Kr16cubicthreefold,
 Author = {Kr{\"a}mer, Thomas},
 Title = {Cubic threefolds, {Fano} surfaces and the monodromy of the {Gauss} map},
 FJournal = {Manuscripta Mathematica},
 Journal = {Manuscr. Math.},
 ISSN = {0025-2611},
 Volume = {149},
 Number = {3-4},
 Pages = {303--314},
 Year = {2016},
 Language = {English},
 DOI = {10.1007/s00229-015-0785-z},
 Keywords = {14K12,14F05,18D10},
 zbMATH = {6548562},
 Zbl = {1335.14012}
}

@Article{Kr20,
 Author = {Kr{\"a}mer, Thomas},
 Title = {Summands of theta divisors on {Jacobians}},
 FJournal = {Compositio Mathematica},
 Journal = {Compos. Math.},
 ISSN = {0010-437X},
 Volume = {156},
 Number = {7},
 Pages = {1457--1475},
 Year = {2020},
 Language = {English},
 DOI = {10.1112/S0010437X20007204},
 Keywords = {14K12,14F10,18M25,20G05},
 zbMATH = {7236814},
 Zbl = {1454.14114}
}

@Article{Kr21GaussII,
 Author = {Kr{\"a}mer, Thomas},
 Title = {Characteristic cycles and the microlocal geometry of the {Gauss} map. {II}},
 FJournal = {Journal f{\"u}r die Reine und Angewandte Mathematik},
 Journal = {J. Reine Angew. Math.},
 ISSN = {0075-4102},
 Volume = {774},
 Pages = {53--92},
 Year = {2021},
 Language = {English},
 DOI = {10.1515/crelle-2020-0048},
 Keywords = {14C17,14K12,14H42,14K25,14F10,14N05},
 zbMATH = {7355552},
 Zbl = {1462.14008}
}

@Article{Kr22GaussI,
 Author = {Kr{\"a}mer, Thomas},
 Title = {Characteristic cycles and the microlocal geometry of the {Gauss} map. {I}},
 FJournal = {Annales Scientifiques de l'{\'E}cole Normale Sup{\'e}rieure. Quatri{\`e}me S{\'e}rie},
 Journal = {Ann. Sci. {\'E}c. Norm. Sup{\'e}r. (4)},
 ISSN = {0012-9593},
 Volume = {55},
 Number = {6},
 Pages = {1475--1527},
 Year = {2022},
 Language = {English},
 DOI = {10.24033/asens.2522},
 Keywords = {14F10,14K12,32C38},
 zbMATH = {7629572},
 Zbl = {1520.14034}
}

@Article{CK22,
 Author = {Codogni, Giulio and Kr{\"a}mer, Thomas},
 Title = {Semicontinuity of {Gauss} maps and the {Schottky} problem},
 FJournal = {Mathematische Annalen},
 Journal = {Math. Ann.},
 ISSN = {0025-5831},
 Volume = {382},
 Number = {1-2},
 Pages = {607--630},
 Year = {2022},
 Language = {English},
 DOI = {10.1007/s00208-021-02246-y},
 Keywords = {14K12,14C17,14F10,14H42},
 zbMATH = {7522787},
 Zbl = {1535.14108}
}

@Misc{JKLM22,
 Author = {Javanpeykar, Ariyan and Kr{\"a}mer, Thomas and Lehn, Christian and Maculan, Marco},
 Title = {The monodromy of families of subvarieties on abelian varieties},
 Year = {2022},
 HowPublished = {Preprint, {arXiv}:2210.05166 [math.{AG}] (2022)},
 URL = {https://arxiv.org/abs/2210.05166},
 arXiv = {arXiv:2210.05166}
}

@Misc{KM23,
 Author = {Kr{\"a}mer, Thomas and Maculan, Marco},
 Title = {Arithmetic finiteness of very irregular varieties},
 Year = {2023},
 HowPublished = {Preprint, {arXiv}:2310.08485 [math.{AG}] (2023)},
 Keywords = {11G35,14G25,11F80,14D07,14G05,14K12},
 URL = {https://arxiv.org/abs/2310.08485},
 arXiv = {arXiv:2310.08485}
}

@Misc{KLM24,
 Author = {Kr{\"a}mer, Thomas and Lehn, Christian and Maculan, Marco},
 Title = {The {Tannaka} group ${E_6}$ only arises from cubic threefolds},
 Year = {2024},
 HowPublished = {Preprint, {arXiv}:2406.07401 [math.{AG}] (2024)},
 Keywords = {14K12,14D05,18M25,20G05,32S60},
 URL = {https://arxiv.org/abs/2406.07401},
 arXiv = {arXiv:2406.07401}
}

@book{Ar85I,
 author = {Arbarello, E. and Cornalba, M. and Griffiths, P. A. and Harris, J.},
 title = {Geometry of algebraic curves. {Volume} {I}},
 fseries = {Grundlehren der Mathematischen Wissenschaften},
 series = {Grundlehren Math. Wiss.},
 issn = {0072-7830},
 volume = {267},
 year = {1985},
 publisher = {Springer, Cham},
 language = {English},
 keywords = {14Hxx,14-02,14C20,14K25,14C22,14H45},
 zbMATH = {3891516},
 Zbl = {0559.14017}
}

@book{Ar85II,
 author = {Arbarello, Enrico and Cornalba, Maurizio and Griffiths, Phillip A.},
 title = {Geometry of algebraic curves. {Volume} {II}. {With} a contribution by {Joseph} {Daniel} {Harris}},
 fseries = {Grundlehren der Mathematischen Wissenschaften},
 series = {Grundlehren Math. Wiss.},
 issn = {0072-7830},
 volume = {268},
 isbn = {978-3-540-42688-2; 978-3-540-69392-5},
 year = {2011},
 publisher = {Berlin: Springer},
 language = {English},
 doi = {10.1007/978-3-540-69392-5},
 keywords = {14-02,14H10,14H15,14H42,30F60,32G13,14H51,14A20,14H81},
 zbMATH = {5798333},
 Zbl = {1235.14002}
}

@book{Mum74,
 author = {Mumford, David},
 title = {The red book of varieties and schemes. {Includes} the {Michigan} lectures (1974) on ``{Curves} and their {Jacobians}''.},
 edition = {2nd, expanded ed. with contributions by {Enrico} {Arbarello}},
 fseries = {Lecture Notes in Mathematics},
 series = {Lect. Notes Math.},
 issn = {0075-8434},
 volume = {1358},
 isbn = {3-540-63293-X},
 year = {1999},
 publisher = {Berlin: Springer},
 language = {English},
 doi = {10.1007/b62130},
 keywords = {14A10,14H42,14K25,14-02,14-01,14A15},
 zbMATH = {1252431},
 Zbl = {0945.14001}
}

@article{FK16,
 author = {Farkas, Gavril and Kemeny, Michael},
 title = {The generic {Green}-{Lazarsfeld} secant conjecture},
 fjournal = {Inventiones Mathematicae},
 journal = {Invent. Math.},
 issn = {0020-9910},
 volume = {203},
 number = {1},
 pages = {265--301},
 year = {2016},
 language = {English},
 doi = {10.1007/s00222-015-0595-7},
 keywords = {14H10,14C20,14J28,14H40,13D02},
 zbMATH = {6541952},
 Zbl = {1335.14009}
}

@book{Ha02,
 author = {Hatcher, Allen},
 title = {Algebraic topology},
 isbn = {0-521-79540-0},
 year = {2002},
 publisher = {Cambridge: Cambridge University Press},
 language = {English},
 keywords = {55-01,55Nxx,55Pxx,55Qxx},
 zbMATH = {2103273},
 Zbl = {1044.55001}
}

@article{Looij24,
 author = {Looijenga, Eduard},
 title = {A ball quotient parametrizing trigonal genus 4 curves},
 fjournal = {Nagoya Mathematical Journal},
 journal = {Nagoya Math. J.},
 issn = {0027-7630},
 volume = {254},
 pages = {366--378},
 year = {2024},
 language = {English},
 doi = {10.1017/nmj.2023.28},
 keywords = {14H15,14H30,32M15,14H10},
 zbMATH = {7843737},
 Zbl = {1551.14118}
}