@book{atiyah2018introduction,
  title={Introduction to commutative algebra},
  author={Atiyah, Michael},
  year={2018},
  publisher={CRC Press}
}
@book{altman2013term,
  title={A term of commutative algebra},
  author={Altman, Allen and Kleiman, Steven},
  year={2013},
  publisher={Worldwide Center of Mathematics}
}
@book{陈亚浙1991,
  title={二阶椭圆型方程与椭圆型方程组},
  author={陈亚浙,吴兰成},
  year={1991},
  publisher={北京: 科学出版社}
}
@incollection{calderon1989local,
  title={Local properties of solutions of elliptic partial differential equations},
  author={Calder{\'o}n, Alberto P and Zygmund, Antoni},
  booktitle={Selected Papers of Antoni Zygmund},
  pages={285--339},
  year={1989},
  publisher={Springer}
}
@book{gilbarg2015elliptic,
  title={Elliptic partial differential equations of second order},
  author={Gilbarg, David and Trudinger, Neil S},
  year={2015},
  publisher={springer}
}
@book{周蜀林2005PDE,
  title={本科生数学基础课教材 偏微分方程},
  author={周蜀林},
  year={2005},
  publisher={北京大学出版社}
}
@misc{周蜀林2019Schauder,
  author        = {周蜀林},
  title         = {位势方程的Schauder理论},
  month         = {March},
  year          = {2019},
}
@book{ahlfors1979complex,
	title={Complex analysis: an introduction to the theory of analytic functions of one complex variable},
	author={Ahlfors, Lars Valerian},
	year={1979},
	publisher={McGraw-Hill}
}