@Book{Ma19,
 Author = {Maxim, Lauren{\c{t}}iu G.},
 Title = {Intersection homology \& perverse sheaves. {With} applications to singularities},
 FSeries = {Graduate Texts in Mathematics},
 Series = {Grad. Texts Math.},
 ISSN = {0072-5285},
 Volume = {281},
 ISBN = {978-3-030-27643-0; 978-3-030-27644-7},
 Year = {2019},
 Publisher = {Cham: Springer},
 Language = {English},
 DOI = {10.1007/978-3-030-27644-7},
 Keywords = {55-01,14-01,55N33,14F43},
 zbMATH = {7105770},
 Zbl = {1476.55001}
}
@Article{Ma20,
 Author = {Maxim, Lauren{\c{t}}iu G.},
 Title = {Notes on vanishing cycles and applications},
 FJournal = {Journal of the Australian Mathematical Society},
 Journal = {J. Aust. Math. Soc.},
 ISSN = {1446-7887},
 Volume = {109},
 Number = {3},
 Pages = {371--415},
 Year = {2020},
 Language = {English},
 DOI = {10.1017/S1446788720000403},
 Keywords = {14B05,14B07,32S05,32S20,32S25,32S30,32S50,34M35,58K30},
 zbMATH = {7286549},
 Zbl = {1451.14005}
}
@InCollection{MS22,
 Author = {Maxim, Lauren{\c{t}}iu G. and Sch{\"u}rmann, J{\"o}rg},
 Title = {Constructible sheaf complexes in complex geometry and applications},
 BookTitle = {Handbook of geometry and topology of singularities III},
 ISBN = {978-3-030-95759-9; 978-3-030-95760-5},
 Pages = {679--791},
 Year = {2022},
 Publisher = {Cham: Springer},
 Language = {English},
 DOI = {10.1007/978-3-030-95760-5_10},
 Keywords = {32C38,14F10,32-01,14-01},
 zbMATH = {7616481},
 Zbl = {1504.32025}
}

@Book{Vo07,
 Author = {Voisin, Claire},
 Title = {Hodge theory and complex algebraic geometry. {I}. {Translated} from the {French} by {Leila} {Schneps}},
 FSeries = {Cambridge Studies in Advanced Mathematics},
 Series = {Camb. Stud. Adv. Math.},
 Volume = {76},
 ISBN = {978-0-521-71801-1},
 Year = {2007},
 Publisher = {Cambridge: Cambridge University Press},
 Language = {English},
 Keywords = {14C30,14-02,32-02,14C25,32J25,14D07,32G20},
 zbMATH = {5221670},
 Zbl = {1129.14019}
}


@Article{KW15,
 Author = {Kr{\"a}mer, Thomas and Weissauer, Rainer},
 Title = {Vanishing theorems for constructible sheaves on abelian varieties},
 FJournal = {Journal of Algebraic Geometry},
 Journal = {J. Algebr. Geom.},
 ISSN = {1056-3911},
 Volume = {24},
 Number = {3},
 Pages = {531--568},
 Year = {2015},
 Language = {English},
 DOI = {10.1090/jag/645},
 Keywords = {14F17,32S60,14K99},
 zbMATH = {6464718},
 Zbl = {1338.14023}
}


@Book{PS22,
 Author = {Peter Scholze},
 Title = {Six-Functor Formalisms
},
 Year = {2022},
 Language = {English},
}

@Book{zbMATH00047944,
 Author = {Kashiwara, Masaki and Schapira, Pierre},
 Title = {Sheaves on manifolds. {With} a short history ``{Les} d{\'e}buts de la th{\'e}orie des faisceaux'' by {Christian} {Houzel}},
 FSeries = {Grundlehren der Mathematischen Wissenschaften},
 Series = {Grundlehren Math. Wiss.},
 ISSN = {0072-7830},
 Volume = {292},
 ISBN = {3-540-51861-4},
 Year = {1990},
 Publisher = {Berlin etc.: Springer-Verlag},
 Language = {English},
 Keywords = {18-02,18F20,55N30,14F10,58J40,46F15,35S10,32A45},
 zbMATH = {47944},
 Zbl = {0709.18001}
}