@book{atiyah2018introduction,
  title={Introduction to Commutative Algebra},
  author={Atiyah, Michael},
  year={2018},
  publisher={CRC Press}
}
@book{altman2013term,
  title={A Term of Commutative Algebra},
  author={Altman, Allen and Kleiman, Steven},
  year={2013},
  publisher={Worldwide Center of Mathematics}
}
@book{陈亚浙1991,
  title={二阶椭圆型方程与椭圆型方程组},
  author={陈亚浙,吴兰成},
  year={1991},
  publisher={北京: 科学出版社}
}
@incollection{calderon1989local,
  title={Local properties of solutions of elliptic partial differential equations},
  author={Calder{\'o}n, Alberto P and Zygmund, Antoni},
  booktitle={Selected Papers of Antoni Zygmund},
  pages={285--339},
  year={1989},
  publisher={Springer}
}
@book{gilbarg2015elliptic,
  title={Elliptic partial differential equations of second order},
  author={Gilbarg, David and Trudinger, Neil S},
  year={2015},
  publisher={springer}
}
@book{周蜀林2005PDE,
  title={本科生数学基础课教材 偏微分方程},
  author={周蜀林},
  year={2005},
  publisher={北京大学出版社}
}
@misc{周蜀林2019Schauder,
  author        = {周蜀林},
  title         = {位势方程的Schauder理论},
  month         = {March},
  year          = {2019},
}
@book{ahlfors1979complex,
	title={Complex Analysis: An Introduction to the Theory of Analytic Functions of one Complex Variable},
	author={Ahlfors, Lars Valerian},
	year={1979},
	publisher={McGraw-Hill}
}
@book{humphreys2012introduction,
  title={Introduction to Lie Algebras and Representation Theory},
  author={Humphreys, James E},
  volume={9},
  year={2012},
  publisher={Springer Science \&amp; Business Media}
}
@article{howe1995perspectives,
  title={Perspectives on Invariant Theory: Schur Duality, Multiplicity-free Actions and Beyond},
  author={Howe, Roger},
  journal={The Schur Lectures (1992)(Tel Aviv)},
  pages={1--182},
  year={1995},
  publisher={Bar-Ilan Univ.}
}
@book{weyl1946classical,
  title={The Classical Groups: Their Invariants and Representations},
  author={Weyl, Hermann},
  volume={1},
  year={1946},
  publisher={Princeton Pniversity Press}
}
@misc{SWduality,
  author        = {Sabine J Lang, Adam Brown, Chengyu Du...},
  title         = {Schur-Weyl duality},
  month         = {February},
  year          = {2019},
howpublished = {\url{http://www.math.utah.edu/~lang/docs/SchurWeylDuality.pdf}},
}
@misc{SWduality2,
  author        = {James Stevens},
  title         = {Schur-Weyl duality},
  month         = {08},
  year          = {2016},
howpublished = {\url{http://math.uchicago.edu/~may/REU2016/REUPapers/Stevens.pdf}},
}
@misc{对称群表示,
  author        = {Peng Shan},
  title         = {The Second Lecture of Micro Mathematics, Representation of Symmetric Group and Young Diagram},
  month         = {03},
  year          = {2019},
}
@book{alperin2012groups,
  title={Groups and Representations},
  author={Alperin, Jonathan L and Bell, Rowen B},
  volume={162},
  year={2012},
  publisher={Springer Science \& Business Media}
}
@article{mcninch2013representation,
  title={The Representation Theory of Finite Groups Spring 2013},
  author={McNinch, George J},
  year={2013}
}
@book{fricke1897vorlesungen,
  title={Vorlesungen {\"u}ber die Theorie der automorphen Funktionen},
  author={Fricke, Robert and Klein, Felix},
  year={1897},
  publisher={Johnson Reprint}
}
@article{klein1892vorlesungen,
  title={Vorlesungen {\"u}ber die Theorie der elliptischen Modulfunctionen, ausgearbeitet und vervollst{\"a}ndigt von Dr},
  author={Klein, Felix},
  journal={Robert Fricke},
  volume={1},
  year={1892}
}
@book{klein2003lectures,
  title={Lectures on the Icosahedron and the Solution of Equations of the Fifth Degree},
  author={Klein, Felix},
  year={2003},
  publisher={Courier Corporation}
}
@book {MathABC,
AUTHOR = {熊锐},
TITLE = {代数数论初步},
SERIES = {本科数学讲义},
VOLUME = {3},
YEAR = {2018},
PAGES = {iii+131},
NOTE = {可以在
\url{https://www.cnblogs.com/XiongRuiMath/p/9665558.html}
下载}
}
@book {Li2019modularform,
AUTHOR = {李文威},
TITLE = {模形式初步},
YEAR = {2019},
PAGES = {iv+387},
howpublished = {\url{http://www.wwli.url.tw/downloads/Modulform.pdf}},
  publisher={科学出版社},
}
@article{vakil2017rising,
  title={The Rising Sea: Foundations of Algebraic Geometry},
  author={Vakil, Ravi},
  journal={preprint},
  year={2017}
}
@book{bott2013differential,
  title={Differential Forms in Algebraic Topology},
  author={Bott, Raoul and Tu, Loring W},
  volume={82},
  year={2013},
  publisher={Springer Science \&amp; Business Media}
}
@book{munkres2018elements,
  title={Elements of Algebraic Topology},
  author={Munkres, James R},
  year={2018},
  publisher={CRC Press}
}
@book{gelfand2013methods,
  title={Methods of Homological Algebra},
  author={Gelfand, Sergei I and Manin, Yuri I},
  year={2013},
  publisher={Springer Science \& Business Media}
}
@book{silverman1992rational,
  title={Rational Points on Elliptic Curves},
  author={Silverman, Joseph H and Tate, John Torrence},
  volume={9},
  year={1992},
  publisher={Springer}
}
@article{tate1974the,
title={The Arithmetic of Elliptic Curves},
author={Joseph H. Silverman, Tate},
journal={Inventiones Mathematicae},
volume={23},
pages={179--206},
year={1974}
}
@book{fermat2013dream,
  title={数论I——Fermat的梦想和类域论},
  author={加藤和也},
  year={2009},
  publisher={Higher Education Press}
}
@book{冯克勤2000代数数论,
  title={代数数论},
  author={冯克勤},
  year={2000},
  publisher={科学出版社}
}
@article{li2000birch,
  title={On the {Birch-Swinnerton-Dyer} Conjecture of Elliptic Curves {$E_D: y^2=x^3-D^2x$}},
  author={Li, Delang and Tian, Ye},
  journal={Acta Mathematica Sinica},
  volume={16},
  number={2},
  pages={229--236},
  year={2000},
  publisher={Springer}
}
@article{vakil2017rising,
  title={The Rising Sea: Foundations of Algebraic Geometry},
  author={Vakil, Ravi},
  journal={preprint},
  year={2017}
}
@article{kb2012classgroup,
  title={Why is an ideal class group a {Tate-Schaferevich}
group?},
  author={Kevin Buzzard},
  journal={preprint},
  year={2012},
  howpublished = {\url{http://wwwf.imperial.ac.uk/~buzzard/maths/research/notes/why_is_an_ideal_class_group_a_tate_schaferevich_group.pdf}},
}
@article{yichaolectures,
  title={Lectures on Algebraic Number Theory},
  author={Yichao, TIAN},
  journal={preprint},
  year={2014},
  howpublished = {\url{mcm.amss.cas.cn/faculty/tianyichao/201409/W020140919376191262043.pdf}},
}
@book{serre1989lectures,
  title={Lectures on the {Mordell-Weil} Theorem},
  author={Serre, Jean-Pierre and Brown, Martin and Waldschmidt, Michel},
  year={1989},
  publisher={Springer}
}
@inproceedings{cassels1986mordell,
  title={{Mordell's} Finite Basis Theorem Revisited},
  author={Cassels, JWS},
  booktitle={Mathematical Proceedings of the Cambridge Philosophical Society},
  volume={100},
  number={1},
  pages={31--41},
  year={1986},
  organization={Cambridge University Press}
}
@incollection{milne1986jacobian,
  title={Jacobian Varieties},
  author={Milne, James S},
  booktitle={Arithmetic Geometry},
  pages={167--212},
  year={1986},
  publisher={Springer}
}
@incollection{milne1986abelian,
  title={Abelian Varieties},
  author={Milne, James S},
  booktitle={Arithmetic Geometry},
  pages={103--150},
  year={1986},
  publisher={Springer}
}
@article{milne2005introduction,
  title={Introduction to Shimura Varieties},
  author={Milne, James S},
  journal={Harmonic Analysis, the Trace Formula, and Shimura Varieties},
  volume={4},
  pages={265--378},
  year={2005}
}
@book{milne2006elliptic,
  title={Elliptic Curves},
  author={Milne, James S},
  year={2006},
  publisher={BookSurge}
}
@book{dummit2004richard,
  title={Richard M},
  author={Dummit, David},
  journal={Foote. Abstract Algebra},
  year={2004}
}
@book{morandi2012field,
  title={Field and Galois Theory},
  author={Morandi, Patrick},
  volume={167},
  year={2012},
  publisher={Springer Science \& Business Media}
}
@incollection{coates2016conjecture,
  title={The Conjecture of {Birch and Swinnerton-Dyer}},
  author={Coates, John},
  booktitle={Open Problems in Mathematics},
  pages={207--223},
  year={2016},
  publisher={Springer}
}
@article{miller2011proving,
  title={Proving the {Birch and Swinnerton-Dyer} Conjecture for Specific Elliptic Curves of Analytic Rank zero and one},
  author={Miller, Robert L},
  journal={LMS Journal of Computation and Mathematics},
  volume={14},
  pages={327--350},
  year={2011},
  publisher={London Mathematical Society}
}
@article{poonen1999selmer,
  title={The {Selmer} Group, the {Shafarevich-Tate} Group, and the Weak {Mordell-Weil} Theorem},
  author={Poonen, Bjorn},
  journal={Preprint},
  year={1999},
  howpublished = {\url{https://pdfs.semanticscholar.org/ec4b/472943346cf97d6021fe915b3590295fae6a.pdf}},
}
@article{zagier1984series,
  title={L-series of elliptic curves, the {Birch-Swinnerton-Dyer} Conjecture, and the Class Number Problem of Gauss},
  author={Zagier, Don},
  journal={Notices Amer. Math. Soc},
  volume={31},
  number={7},
  pages={739--743},
  year={1984}
}
@article{zhangarithmetic,
  title={Arithmetic of Elliptic Curves},
  author={Zhang, Wei}
}
@article{zhang2013birch,
  title={The {Birch-Swinnerton-Dyer} Conjecture and {Heegner} Points: A Survey},
  author={Zhang, Wei},
  journal={Current Developments in Mathematics},
  volume={2013},
  number={1},
  pages={169--203},
  year={2013},
  publisher={International Press of Boston}
}
@article{johnson2015introduction,
  title={An Introduction to the {Birch and Swinnerton-Dyer} Conjecture},
  author={Johnson, Brent},
  journal={Rose-Hulman Undergraduate Mathematics Journal},
  volume={16},
  number={1},
  pages={15},
  year={2015}
}
@article{kani2014jacobians,
  title={Jacobians Isomorphic to a Product of two Elliptic Curves and Ternary Quadratic Forms},
  author={Kani, Ernst},
  journal={Journal of Number Theory},
  volume={139},
  pages={138--174},
  year={2014},
  publisher={Elsevier}
}
@article{breuil2001modularity,
  title={On the Modularity of Elliptic Curves over {$Q$}: Wild 3-adic Exercises},
  author={Breuil, Christophe and Conrad, Brian and Diamond, Fred and Taylor, Richard},
  journal={Journal of the American Mathematical Society},
  volume={14},
  number={4},
  pages={843--939},
  year={2001},
  publisher={JSTOR}
}
@book{bump1998automorphic,
  title={Automorphic forms and representations},
  author={Bump, Daniel},
  volume={55},
  year={1998},
  publisher={Cambridge university press}
}