@Article{Modlift22,
 Author = {Gee, Toby},
 Title = {Modularity lifting theorems},
 FJournal = {Essential Number Theory},
 Journal = {Essent. Number Theory},
 ISSN = {2834-4626},
 Volume = {1},
 Number = {1},
 Pages = {73--126},
 Year = {2022},
 Language = {English},
 DOI = {10.2140/ent.2022.1.73},
 Keywords = {11S37},
 zbMATH = {7686814}
}

@misc{weeklyupdate,
    author = "{Xiaoxiang Zhou}",
    title = "Eine Woche, ein Beispiel",
    year = "2020-2023",
    howpublished = "\url{https://github.com/ramified/personal_handwritten_collection/tree/main/weeklyupdate}",
    note = "[Online]"
 }

@misc{StrongapproximationConrad,
    author = "{Brian Conrad}",
    title = " Strong approximation in algebraic groups",
    howpublished = "\url{http://virtualmath1.stanford.edu/~conrad/248BPage/handouts/strongapprox.pdf}",
    note = "[Online]"
 }

@MISC{3057117,
    TITLE = {Strong approximation and class number in the adelic setting},
    HOWPUBLISHED = {Mathematics Stack Exchange},
    NOTE = {URL:https://math.stackexchange.com/q/3057117 (version: 2018-12-30)},
    EPRINT = {https://math.stackexchange.com/q/3057117},
	howpublished = "\url{https://math.stackexchange.com/q/3057117}",
}

@article{clark2012non,
  title={Non-commutative algebra},
  author={Clark, Pete L},
  journal={University of Georgia: Athens, GA, USA},
  year={2012},
  howpublished = "\url{http://alpha.math.uga.edu/~pete/noncommutativealgebra.pdf}",
}