@book{sjh1,
  title={《数学分析教程》第三版·上册},
  author={常庚哲、史济怀},
  volume={},
  number={},
  year={2008},
  publisher={中国科学技术大学出版社}
}


%-------------------------------------------------------
@article{wu1997,
  title={Well-posedness in Sobolev spaces of the full water wave problem in 2-D},
  author={Wu, S.},
  journal={Inventiones mathematicae},
  volume={130},
  number={1},
  pages={39--72},
  year={1997},
  publisher={Springer}
}

%--------------------------------------------
%Sobolev interpolation

@article{perelman2003ricci,
  title={Ricci flow with surgery on three-manifolds},
  author={Perelman, Grisha},
  journal={arXiv preprint math/0303109},
  year={2003},
NOTE = {url:
\url{https://arxiv.org/pdf/math/0303109v1.pdf}}
}
}
@article{perelman2002entropy,
  title={The entropy formula for the Ricci flow and its geometric applications},
  author={Perelman, Grisha},
  journal={arXiv preprint math/0211159},
  year={2002},
NOTE = {url:
\url{https://arxiv.org/pdf/math/0211159v1.pdf}}
}

}
@article{john2014geometrization,
  title={A Discussion of {Thurston}’s Geometrization Conjecture},
  author={John Zhang},
  journal={preprint},
  year={2014},
  howpublished = {\url{https://sites.math.washington.edu/~morrow/papers/john-thesis.pdf}},
NOTE = {url:
\url{https://sites.math.washington.edu/~morrow/papers/john-thesis.pdf}}
}
}
@article{vakil2017rising,
  title={The Rising Sea: Foundations of Algebraic Geometry},
  author={Vakil, Ravi},
  journal={preprint},
  year={2017},
NOTE = {url:
\url{http://math.stanford.edu/~vakil/216blog/FOAGnov1817public.pdf}}
}
@book{beauville1996complex,
  title={Complex algebraic surfaces},
  author={Beauville, Arnaud and Arnaud, Beauville},
  number={34},
  year={1996},
  publisher={Cambridge University Press}
}
@article{freedman1982topology,
  title={The topology of four-dimensional manifolds},
  author={Freedman, Michael Hartley and others},
  journal={J. Differential Geom},
  volume={17},
  number={3},
  pages={357--453},
  year={1982},
NOTE = {url:
\url{https://maths.dur.ac.uk/users/mark.a.powell/1982_The\%20topology\%20of\%20four-dimensional\%20manifolds.pdf}}
}

}
@book {Li2019modularform,
AUTHOR = {李文威},
TITLE = {模形式初步},
YEAR = {2020},
howpublished = {\url{https://wwli.asia/downloads/books/Modulform.pdf}},
  publisher={科学出版社},
NOTE = {url:
\url{https://wwli.asia/downloads/books/Modulform.pdf}}
}
@book{kollar2009lectures,
  title={Lectures on resolution of singularities (AM-166)},
  author={Koll{\'a}r, J{\'a}nos},
  year={2009},
  publisher={Princeton University Press}
}
@article{vakil2004algsurf,
  title={Math 245A Topics in algebraic geometry: Introduction to intersection theory in algebraic geometry},
  author={Vakil, Ravi},
  journal={preprint},
  year={2004},
  howpublished = {\url{http://math.stanford.edu/~vakil/245/}},
NOTE = {url:
\url{http://math.stanford.edu/~vakil/245/}}
}
}
@book{wanglin2014,
  title={实分析中的反例},
  author={汪林},
  year={2014},
  publisher={高等教育出版社}
}
@article{milnor1962unique,
  title={A unique decomposition theorem for 3-manifolds},
  author={Milnor, John},
  journal={American Journal of Mathematics},
  volume={84},
  number={1},
  pages={1--7},
  year={1962},
  publisher={JSTOR},
NOTE = {url:
\url{https://www.ams.org/journals/tran/1969-142-00/S0002-9947-1969-0246303-2/S0002-9947-1969-0246303-2.pdf}}

}
@inproceedings{hartshorne2013algebraic,
  title={Algebraic geometry},
  author={Hartshorne, Robin},
  volume={52},
  year={2013},
  publisher={Springer Science \& Business Media},


}
@article{serre1956geometrie,
  title={G{\'e}om{\'e}trie alg{\'e}brique et g{\'e}om{\'e}trie analytique},
  author={Serre, Jean-Pierre},
  booktitle={Annales de l'institut Fourier},
  volume={6},
  pages={1--42},
  year={1956},
NOTE = {url:
\url{http://archive.numdam.org/article/AIF_1956__6__1_0.pdf}}

}
@article{kodaira1964structure,
  title={On the structure of compact complex analytic surfaces, I},
  author={Kodaira, Kunihiko},
  journal={American Journal of Mathematics},
  volume={86},
  number={4},
  pages={751--798},
  year={1964},
  publisher={JSTOR}
}
@article{kodaira1966structure,
  title={On the structure of compact complex analytic surfaces, II},
  author={Kodaira, Kunihiko},
  journal={American Journal of Mathematics},
  volume={88},
  number={3},
  pages={682--721},
  year={1966},
  publisher={JSTOR}
}
@article{kodaira1968compact,
  title={On compact analytic surfaces, III},
  author={Kodaira, Kunihiko},
  journal={Annals of Mathematics},
  pages={1--40},
  year={1968},
  publisher={JSTOR}
}
@article{kodaira1968structure,
  title={On the structure of complex analytic surfaces, IV},
  author={Kodaira, Kunihiko},
  journal={American Journal of Mathematics},
  volume={90},
  number={4},
  pages={1048--1066},
  year={1968},
  publisher={JSTOR}
}
@book{wang2021topo,
  title={拓扑学讲稿},
  author={王作勤},
  volume={},
  number={},
  year={2020},
  publisher={},
NOTE = {url:
\url{http://staff.ustc.edu.cn/~wangzuoq/Courses/20S-Topology/index.html}}
}
@book{Schm2021moduli,
  title={The moduli space of curves},
  author={Johannes Schmitt},
  volume={},
  number={},
  year={2021},
  publisher={},
NOTE = {url:
\url{https://www.math.uni-bonn.de/people/schmitt/ModCurves/Script.pdf}}
}
@article{sosnatriangulated,
  title={TRIANGULATED CATEGORIES, SUMMER SEMESTER 2012},
  author={SOSNA, P},
NOTE = {url:
\url{math.uni-hamburg.de/home/sosna/triangcat-lect.pdf}}
}

@book{Ar85I,
 author = {Arbarello, E. and Cornalba, M. and Griffiths, P. A. and Harris, J.},
 title = {Geometry of algebraic curves. {Volume} {I}},
 fseries = {Grundlehren der Mathematischen Wissenschaften},
 series = {Grundlehren Math. Wiss.},
 issn = {0072-7830},
 volume = {267},
 year = {1985},
 publisher = {Springer, Cham},
 language = {English},
 keywords = {14Hxx,14-02,14C20,14K25,14C22,14H45},
 zbMATH = {3891516},
 Zbl = {0559.14017}
}

@book{Ar85II,
 author = {Arbarello, Enrico and Cornalba, Maurizio and Griffiths, Phillip A.},
 title = {Geometry of algebraic curves. {Volume} {II}. {With} a contribution by {Joseph} {Daniel} {Harris}},
 fseries = {Grundlehren der Mathematischen Wissenschaften},
 series = {Grundlehren Math. Wiss.},
 issn = {0072-7830},
 volume = {268},
 isbn = {978-3-540-42688-2; 978-3-540-69392-5},
 year = {2011},
 publisher = {Berlin: Springer},
 language = {English},
 doi = {10.1007/978-3-540-69392-5},
 keywords = {14-02,14H10,14H15,14H42,30F60,32G13,14H51,14A20,14H81},
 zbMATH = {5798333},
 Zbl = {1235.14002}
}

@book{BL04,
 author = {Birkenhake, Christina and Lange, Herbert},
 title = {Complex abelian varieties},
 edition = {2nd augmented ed.},
 fseries = {Grundlehren der Mathematischen Wissenschaften},
 series = {Grundlehren Math. Wiss.},
 issn = {0072-7830},
 volume = {302},
 isbn = {3-540-20488-1},
 year = {2004},
 publisher = {Berlin: Springer},
 language = {English},
 keywords = {14K20,14-02,14K25,14K30,14K10,14H40,14C15,14C30},
 zbMATH = {2120946},
 Zbl = {1056.14063}
}

@book{Huy23,
 author = {Huybrechts, Daniel},
 title = {The geometry of cubic hypersurfaces},
 fseries = {Cambridge Studies in Advanced Mathematics},
 series = {Camb. Stud. Adv. Math.},
 volume = {206},
 isbn = {978-1-00-928000-6; 978-1-00-928002-0},
 year = {2023},
 publisher = {Cambridge: Cambridge University Press},
 language = {English},
 doi = {10.1017/9781009280020},
 keywords = {14J70,14C30,14J30,14J35,14J45},
 zbMATH = {7671697}
}

@book{HuyK3,
 author = {Huybrechts, Daniel},
 title = {Lectures on {{\(K\)}}3 surfaces},
 fseries = {Cambridge Studies in Advanced Mathematics},
 series = {Camb. Stud. Adv. Math.},
 volume = {158},
 isbn = {978-1-107-15304-2; 978-1-316-59419-3},
 year = {2016},
 publisher = {Cambridge: Cambridge University Press},
 language = {English},
 doi = {10.1017/CBO9781316594193},
 keywords = {14J28,14-02,14C15,14D20,14F05,14F22,14J10,14J27,14J60,32J15},
 zbMATH = {6617332},
 Zbl = {1360.14099}
}

@book{Huymodulisheaves,
 author = {Huybrechts, Daniel and Lehn, Manfred},
 title = {The geometry of moduli spaces of sheaves},
 edition = {2nd ed.},
 isbn = {978-0-521-13420-0},
 year = {2010},
 publisher = {Cambridge: Cambridge University Press},
 language = {English},
 keywords = {14D20,14F05,14-02,14J60},
 zbMATH = {5765056},
 Zbl = {1206.14027}
}

@book{HuyFMtrans,
 author = {Huybrechts, D.},
 title = {Fourier-{Mukai} transforms in algebraic geometry},
 fseries = {Oxford Mathematical Monographs},
 series = {Oxford Math. Monogr.},
 isbn = {0-19-929686-3},
 year = {2006},
 publisher = {Oxford: Clarendon Press},
 language = {English},
 keywords = {14-02,14D20,14F05,18E30},
 zbMATH = {5028970},
 Zbl = {1095.14002}
}

@book{Deb99,
 author = {Debarre, Olivier},
 title = {Complex tori and {Abelian} varieties. {Transl}. from the {French} by {Philippe} {Mazaud}},
 fseries = {SMF/AMS Texts and Monographs},
 series = {SMF/AMS Texts Monogr.},
 issn = {1525-2302},
 volume = {11},
 isbn = {0-8218-3165-8},
 year = {2005},
 publisher = {Providence, RI: American Mathematical Society (AMS)},
 language = {English},
 keywords = {14K20,14-01,14H52,14-02,32G13,58A10},
 zbMATH = {2190548},
 Zbl = {1078.14061}
}

@book{LR22,
 author = {Lange, Herbert and Rodr{\'{\i}}guez, Rub{\'{\i}} E.},
 title = {Decomposition of {Jacobians} by {Prym} varieties},
 fseries = {Lecture Notes in Mathematics},
 series = {Lect. Notes Math.},
 issn = {0075-8434},
 volume = {2310},
 isbn = {978-3-031-10144-1; 978-3-031-10145-8},
 year = {2022},
 publisher = {Cham: Springer},
 language = {English},
 doi = {10.1007/978-3-031-10145-8},
 keywords = {14-02,14H40},
 zbMATH = {7566633},
 Zbl = {1514.14001}
}